
@book{hyndman2018,
  author    = {Hyndman R. J. and Athanasopoulos G.},
  title     = {Forecasting: Principles and Practice},
  publisher = {OTexts},
  year      = {2018},
  edition   = {2nd}
}

@book{jenkins,
  author    = {Box G. E. P. and Jenkins G. M.},
  title     = {Time Series Analysis: Forecasting and Control},
  publisher = {Wiley},
  year      = {1970},
  edition   = {1st}
}


@book{kleinrock,
  author    = {Kleinrock L.},
  title     = {Queueing Systems Volume 1: Theory},
  publisher = {Wiley-Interscience},
  year      = {1975},
  edition   = {3rd}
}

@phdthesis{aksu,
  author  = {Aksu H.},
  title   = {Dwell time forecast and checkout optimisation in supermarkets},
  school  = {Charles Sturt University},
  year    = {2018}
}

@article{hyndman2007,
  author  = {Hyndman R. J. and Khandakar Y.},
  title   = {Automatic Time Series Forecasting: The Forecast Package for {R}},
  journal = {Journal of Statistical Software},
  year    = {2008},
  volume  = {26},
  number  = {3},
  pages   = {}
}

@article{taylor,
  author  = {Taylor J. W.},
  title   = {Exponential smoothing with a damped multiplicative trend},
  journal = {International Journal of Forecasting},
  year    = {2003},
  volume  = {19},
  number  = {4},
  pages   = {715-725}
}

@article{berman,
  author  = {Berman O. and Larson R. C.},
  title   = {A queueing control model for retail services having back room operations and cross-trained workers},
  journal = {Computers and Operations Research},
  year    = {2004},
  volume  = {31},
  number  = {2},
  pages   = {201-222},
}

@article{newell,
  author  = {Newell G. F.},
  title   = {Queues with time-dependent arrival rates {I}, the transition through saturation},
  journal = {Journal of Applied Probability},
  year    = {1968},
  volume  = {5},
  number  = {2},
  pages   = {436–451}
}

@article{rider,
author  = {Rider K. L.},
title   = {A Simple Approximation to the Average Queue Size in the Time-Dependent {M/M/1} Queue},
journal = {Journal of the Association for Computing Machinery},
year    = {1976},
volume  = {23},
number  = {2},
pages   = {361–367}
}

@article{green1991,
  author  = {Green L. V. and Kolesar P. J.},
  title   = {The Pointwise Stationary Approximation for Queues with Nonstationary Arrivals},
  journal = {Management Science},
  year    = {1991},
  volume  = {37},
  number  = {1},
  pages   = {84-97},
}

@article{green2001,
  author  = {Green L. V. and Kolesar P. J. and Soares J.},
  title   = {Improving the {SIPP} Approach for Staffing Service Systems That Have Cyclic Demands},
  journal = {Operations Research},
  year    = {2001},
  volume  = {49},
  number  = {4},
  pages   = {549-564}
}

@article{de_livera,
  author  = {De Livera A. M. and Hyndman R. J. and Snyder R. D.},
  title   = {Forecasting Time Series With Complex Seasonal Patterns Using Exponential Smoothing},
  journal = {Journal of the American Statistical Association},
  year    = {2011},
  volume  = {106},
  number  = {496},
  pages   = {1513-1527}
}

@article{stolletz,
author  = {Stolletz R.},
title   = {Approximation of the non-stationary {M(t)/M(t)/c(t)}-queue using stationary queueing models},
journal = {European Journal of Operational Research},
year    = {2008},
volume  = {190},
number  = {2},
pages   = {478-493},
}

@article{kendall,
  author  = {Kendall D. G.},
  title   = {Stochastic Processes Occurring in the Theory of Queues and their Analysis by the Method of the Imbedded Markov Chain},
  journal = {The Annals of Mathematical Statistics},
  year    = {1953},
  volume  = {24},
  number  = {3},
  pages   = {338-354}
}

@article{little,
author  = {Little J. D. C.},
title   = {A Proof for the Queuing Formula: {L=$\lambda$W}},
journal = {Operations Research},
year    = {1961},
volume  = {9},
number  = {3},
pages   = {383-387}
}

@article{holt,
  author    = {Holt C. C.},
  title     = {Forecasting Seasonals and Trends by Exponentially Weighted Moving Averages},
  journal   = {ONR Research},
  year      = {1957},
  volume    = {52},
  number    = {1},
  pages     = {5-10}
}

@article{brown,
  author  = {Brown R. G.},
  title   = {Exponential Smoothing for Predicting Demand},
  journal = {Operations Research},
  year    = {1956},
  volume  = {9},
  number  = {5},
  pages   = {673-687}
}

@article{tang,
  author  = {Tang Z. and Fishwick P. A.},
  title   = {Feedforward Neural Nets as Models for Time Series Forecasting},
  journal = {INFORMS Journal on Computing},
  year    = {1993},
  volume  = {5},
  number  = {4},
  pages   = {374-385}
}

@article{box,
  author  = {Box G. E. P. and Cox D. R.},
  title   = {An Analysis of Transformations},
  journal = {Journal of the Royal Statistical Society. Series B (Methodological)},
  year    = {1964},
  volume  = {26},
  number  = {2},
  pages   = {211-252},
}

@article{tom,
  author  = {Tom G. and Lucey S.},
  title   = {Waiting time delays and customer satisfaction in supermarkets},
  journal = {Journal of Services Marketing},
  year    = {1995},
  volume  = {9},
  number  = {5},
  pages   = {20-29}
}

@article{jones,
  author  = {Jones P. and Peppiat E.},
  title   = {Managing perceptions of waiting times in service queues},
  journal = {International Journal of Service Industry Management},
  year    = {1996},
  volume  = {7},
  number  = {5},
  pages   = {47-61}
}

@article{riel,
  author  = {Riel A. C. v. R. and Semeijn J. and Ribbink D. and Bomert P. Y.},
  title   = {Waiting for service at the checkout: Negative emotional responses, store image and overall satisfaction},
  journal = {Journal of Services Marketing},
  year    = {2012},
  volume  = {23},
  number  = {2},
  pages   = {144-169}
}
